@article{cannon2001reflections,
  title={Reflections on shared cognition},
  author={Cannon-Bowers, Janis A and Salas, Eduardo},
  journal={Journal of Organizational Behavior},
  volume={22},
  number={2},
  pages={195--202},
  year={2001},
  publisher={Wiley Online Library}
}

@article{salas2008teams,
  title={{On teams, teamwork, and team performance: Discoveries and developments}},
  author={Salas, Eduardo and Cooke, Nancy J and Rosen, Michael A},
  journal={Human Factors: The Journal of the Human Factors and Ergonomics Society},
  volume={50},
  number={3},
  pages={540--547},
  year={2008},
  publisher={SAGE Publications}
}

@article{cooke2000measuring,
  title={Measuring team knowledge},
  author={Cooke, Nancy J and Salas, Eduardo and Cannon-Bowers, Janis A and Stout, Ren{\'e}e J},
  journal={Human Factors: The Journal of the Human Factors and Ergonomics Society},
  volume={42},
  number={1},
  pages={151--173},
  year={2000},
  publisher={SAGE Publications}
}

@article{cooke2004advances,
  title={Advances in measuring team cognition},
  author={Cooke, Nancy J and Salas, Eduardo and Kiekel, Preston A and Bell, Brian},
  journal={Team cognition: Understanding the factors that drive process and performance},
  pages={83--106},
  year={2004}
}

@article{kivela2014multilayer,
  title={Multilayer networks},
  author={Kivel{\"a}, Mikko and Arenas, Alex and Barthelemy, Marc and Gleeson, James P and Moreno, Yamir and Porter, Mason A},
  journal={Journal of Complex Networks},
  volume={2},
  number={3},
  pages={203--271},
  year={2014},
  publisher={Oxford University Press}
}

@book{ebbinghaus1913memory,
  title={Memory: A contribution to experimental psychology},
  author={Ebbinghaus, Hermann},
  number={3},
  year={1913},
  publisher={Teachers college, Columbia university}
}

@book{bishop2006pattern,
  title={Pattern recognition and machine learning, chapter 2},
  author={Bishop, Christopher M and others},
  volume={4},
  number={4},
  year={2006},
  publisher={springer New York}
}

@article{gale2003bayesian,
  title={Bayesian learning in social networks},
  author={Gale, Douglas and Kariv, Shachar},
  journal={Games and Economic Behavior},
  volume={45},
  number={2},
  pages={329--346},
  year={2003},
  publisher={Elsevier}
}

@article{acemoglu2011bayesian,
  title={Bayesian learning in social networks},
  author={Acemoglu, Daron and Dahleh, Munther A and Lobel, Ilan and Ozdaglar, Asuman},
  journal={The Review of Economic Studies},
  volume={78},
  number={4},
  pages={1201--1236},
  year={2011},
  publisher={Oxford University Press}
}

@book{seligman2000positive,
  title={Positive psychology: An introduction.},
  author={Seligman, Martin EP and Csikszentmihalyi, Mihaly},
  volume={55},
  number={1},
  year={2000},
  publisher={American Psychological Association}
}

@book{nandkeolyar2008teams,
  title={How do teams learn? shared mental models and transactive memory systems as determinants of team learning and effectiveness},
  author={Nandkeolyar, Amit Kumar},
  year={2008},
  publisher={ProQuest}
}

@article{mathieu2000influence,
  title={The influence of shared mental models on team process and performance.},
  author={Mathieu, John E and Heffner, Tonia S and Goodwin, Gerald F and Salas, Eduardo and Cannon-Bowers, Janis A},
  journal={Journal of applied psychology},
  volume={85},
  number={2},
  pages={273},
  year={2000},
  publisher={American Psychological Association}
}